<record><leader>00000cas a22000007a 4500</leader><controlfield tag="001">15596858</controlfield><controlfield tag="008">870427d18741887iauwr ne      0    0eng d</controlfield><datafield ind1=" " ind2=" " tag="010"><subfield code="a">sn 87058157 </subfield></datafield><datafield ind1=" " ind2=" " tag="040"><subfield code="a">INP</subfield><subfield code="b">eng</subfield><subfield code="c">INP</subfield><subfield code="d">DLC</subfield><subfield code="d">INP</subfield><subfield code="d">OCLCQ</subfield><subfield code="d">IUL</subfield><subfield code="d">OCLCF</subfield></datafield><datafield ind1=" " ind2=" " tag="042"><subfield code="a">msc</subfield></datafield><datafield ind1=" " ind2=" " tag="043"><subfield code="a">n-us-ia</subfield></datafield><datafield ind1="0" ind2=" " tag="130"><subfield code="a">Davenport weekly gazette (Davenport, Iowa : 1874)</subfield></datafield><datafield ind1="1" ind2="0" tag="245"><subfield code="a">Davenport weekly gazette.</subfield></datafield><datafield ind1="3" ind2="0" tag="246"><subfield code="a">Weekly gazette herald</subfield></datafield><datafield ind1="1" ind2="3" tag="246"><subfield code="a">Weekly gazette</subfield></datafield><datafield ind1=" " ind2=" " tag="260"><subfield code="a">Davenport, Iowa :</subfield><subfield code="b">Gazette Co.,</subfield><subfield code="c">1874-</subfield></datafield><datafield ind1=" " ind2=" " tag="300"><subfield code="a">v.</subfield></datafield><datafield ind1=" " ind2=" " tag="310"><subfield code="a">Weekly</subfield></datafield><datafield ind1="0" ind2=" " tag="362"><subfield code="a">33rd year, whole no. 1681 (Jan. 7, 1874)-</subfield></datafield><datafield ind1="1" ind2=" " tag="362"><subfield code="a">Ceased in 1887.</subfield></datafield><datafield ind1=" " ind2=" " tag="515"><subfield code="a">Issues for &lt;July 1883-June 18, 1884&gt; called &lt;42nd-43rd&gt; year and lack issue no.</subfield></datafield><datafield ind1=" " ind2="0" tag="651"><subfield code="a">Davenport (Iowa)</subfield><subfield code="v">Newspapers.</subfield></datafield><datafield ind1=" " ind2="0" tag="651"><subfield code="a">Scott County (Iowa)</subfield><subfield code="v">Newspapers.</subfield></datafield><datafield ind1=" " ind2="7" tag="651"><subfield code="a">Iowa</subfield><subfield code="z">Davenport.</subfield><subfield code="2">fast</subfield><subfield code="0">(OCoLC)fst01207492</subfield></datafield><datafield ind1=" " ind2="7" tag="651"><subfield code="a">Iowa</subfield><subfield code="z">Scott County.</subfield><subfield code="2">fast</subfield><subfield code="0">(OCoLC)fst01212225</subfield></datafield><datafield ind1=" " ind2="7" tag="655"><subfield code="a">Newspapers.</subfield><subfield code="2">fast</subfield><subfield code="0">(OCoLC)fst01423814</subfield></datafield><datafield ind1=" " ind2=" " tag="752"><subfield code="a">United States</subfield><subfield code="b">Iowa</subfield><subfield code="c">Scott</subfield><subfield code="d">Davenport.</subfield></datafield><datafield ind1="0" ind2=" " tag="775"><subfield code="t">Davenport daily gazette (Davenport, Iowa : 1874)</subfield><subfield code="g">1874-&lt;Dec. 9, 1885&gt;</subfield><subfield code="w">(DLC)sn 84027106</subfield><subfield code="w">(OCoLC)10874865</subfield></datafield><datafield ind1="0" ind2="0" tag="780"><subfield code="t">Weekly gazette (Davenport, Iowa)</subfield><subfield code="w">(DLC)sn 87058156</subfield><subfield code="w">(OCoLC)15596815</subfield></datafield></record>